@article{unctad, 
	author = "UNCTAD",
	title = "Review of Marittime Transport 2016",
	pages = "x",
	year = "2016",
	DOI = "http://unctad.org/en/PublicationsLibrary/rmt2016_en.pdf"
}

@article{radarsat-mode-selection,
	author = "Abreu et al",
	title = "RADARSAT-2 mode selection for maritime surveillance",
	pages = "38-70",
	year = "2011",
	publisher = "Defence Research and Development Canada"}
	
@inproceedings{bentes,
  title={Ship-Iceberg Discrimination with Convolutional Neural Networks in High Resolution SAR Images},
  author={Bentes da Silva, Carlos Augusto and Frost, Anja and Velotto, Domenico and Tings, Bj{\"o}rn},
  booktitle={11th European Conference on Synthetic Aperture Radar Electronic Proceedings, 06-09 June, 2016, Hamburg, Germany},
  pages={491--494},
  year={2016},
  organization={VDE Verlag GmbH}
}

@article{yu,
author = {Peter Yu and A. K. Qin and David A. Clausi},
title = {Feature extraction of dual-pol SAR imagery for sea ice image segmentation},
journal = {Canadian Journal of Remote Sensing},
volume = {38},
number = {3},
pages = {352-366},
year  = {2012},
publisher = {Taylor & Francis},
doi = {10.5589/m12-028},

URL = { 
        https://doi.org/10.5589/m12-028
    
},
eprint = { 
        https://doi.org/10.5589/m12-028}}